<?xml version="1.0" encoding="UTF-8"?><collection xmlns="http://www.loc.gov/MARC21/slim"><record><leader>00437nam--2200121-i-4500</leader><controlfield tag="001">000010281</controlfield><controlfield tag="002">20161230</controlfield><controlfield tag="005">20161230201028</controlfield><controlfield tag="008">060222s1000------------r-----000-0-eng-d</controlfield><datafield ind1=" " ind2=" " tag="245"><subfield code="a">Cellular processes in growth, development and differentiation. proceedings of a symposium he ld at bhabha atomic research centre, nevember 22-24, 1971</subfield></datafield><datafield ind1=" " ind2=" " tag="260"><subfield code="a">Bombay, Department Of Atomic Energy, 1972</subfield></datafield><datafield ind1=" " ind2=" " tag="490"><subfield code="a">Xi + 525 P</subfield></datafield><datafield ind1=" " ind2=" " tag="852"><subfield code="a">061.3:577.1:612.014</subfield></datafield></record></collection>